%
% BibTex Database
% ===========================================================================
% This is part of the document "Project documentation template".
% Authors: brd3
%

@book{meer:masterthesis,
	author = {Daniel Meer},
	title = {Master Thesis},
	publisher = {BFH},
	year = {2015},
}

@booklet{Erbsland08,
    author = {Tobias Erbsland and Andreas Nitsch},
    title = {Diplomarbeit mit {LaTeX}},
    volume = {1.12},
    year = {2008},
    url = {http://drzoom.ch/project/dml/},
}


@booklet{juergens:fortgeschritten,
    author = {Manuela JÃ¼rgens},
    title = {LaTeX -- {F}ortgeschrittene {A}nwendungen},
    year = {1995},
    url = {http://www.fernuni-hagen.de/zmi/katalog/A027.shtml},
}
